@inproceedings{wen_cinc2022,
       title = {{Searching for Effective Neural Network Architectures for Heart Murmur Detection from Phonocardiogram}},
      author = {WEN, Hao and Kang, Jingsu},
   booktitle = {2022 Computing in Cardiology Conference (CinC)},
      series = {CinC2022},
        issn = {2325-887X},
         doi = {10.22489/cinc.2022.130},
   publisher = {Computing in Cardiology},
        year = {2022},
       month = {12},
  collection = {CinC2022},
    location = {Tampere, Finland},
       pages = {1-4}
}
@article{torch_ecg_paper,
      title = {{A Novel Deep Learning Package for Electrocardiography Research}},
     author = {Wen, Hao and Kang, Jingsu},
    journal = {{Physiological Measurement}},
        doi = {10.1088/1361-6579/ac9451},
       year = {2022},
      month = {11},
  publisher = {{IOP Publishing}},
     volume = {43},
     number = {11},
       issn = {1361-6579},
      pages = {115006}
}
